2867 4267
496 324 641 372 annosas
664 324 872 374 rannonoona
895 325 938 374 aa
960 337 1039 377 eum.
1232 310 1294 378 259

283 502 352 565 664.
397 502 424 564 l.
455 499 534 562 Cum
557 507 635 563 esset
656 500 766 563 Caesar
787 501 819 563 in
842 501 987 578 hibernis,
1008 502 1045 565 ad
1070 525 1139 565 eum
1160 512 1294 566 ramores

501 603 713 667 adferebantur
736 613 834 668 omnis
859 606 966 688 Belgas
989 607 1156 670 corrinrare.

394 713 423 772 2.
455 708 558 771 Prima
577 708 654 786 lr'rce,
671 732 740 771 cnm
756 732 892 772 summus
914 718 1000 787 mons
1021 720 1039 772 a
1059 709 1194 773 Labieni)
1210 719 1293 775 tene-

501 820 592 889 retur,
608 813 769 896 Considius
793 813 830 876 ad
853 812 1009 876 Caesarem
1031 816 1171 889 accurrit.

393 920 422 981 3.
453 916 532 979 Cum
555 916 700 1002 oppidum
723 919 974 1001 expr'rgnaverint‚
991 926 1067 980 ciris
1091 927 1188 982 omnis
1204 930 1291 983 neca-

500 1020 587 1084 hunt.

390 1129 421 1192 4.
455 1126 590 1190 Helvetii
613 1127 674 1190 fere
696 1126 872 1190 cottidianis
896 1127 1016 1212 proeliis
1041 1151 1110 1191 cum
1134 1128 1292 1193 Germanis

499 1232 695 1309 contendunt,
719 1254 789 1296 cnm
820 1239 873 1295 out
904 1233 1113 1297 suis'hnihns
1145 1242 1196 1297 eos
1223 1258 1291 1319 pro-

500 1336 615 1414 hibent,
645 1344 698 1400 aut
731 1338 789 1422 ipsi
824 1338 856 1400 in
889 1346 994 1400 eorum
1029 1330 1146 1401 hnibns
1179 1336 1291 1401 bellum

500 1449 619 1525 gerunt.

391 1547 421 1611 5.
451 1544 528 1608 Cum
551 1544 656 1631 pabuli
683 1546 771 1631 copia
796 1569 861 1609 esse
886 1546 1042 1630 inciperet,
1066 1546 1104 1609 ad
1126 1545 1290 1609 exercitum

499 1651 591 1714 venit.

391 1758 421 1818 6.
452 1753 568 1829 Caesar,
599 1777 669 1817 curn
699 1753 731 1817 id
770 1755 944 1818 nontiatum
974 1762 1062 1831 esset,
1092 1755 1124 1816 in
1160 1754 1290 1817 Galliam

499 1858 663 1922 contendit.
1166 1866 1173 1873 ’

392 1966 421 2029 7.
451 1962 529 2026 Cum
567 1963 661 2026 finem
703 1965 900 2050 oppugnandi
939 1988 999 2027 nor
1035 1965 1164 2041 fecisset,
1192 1964 1290 2026 Iccius
1385 1957 1387 1959 ¹

498 2067 622 2145 Remus,
647 2077 699 2153 qui
723 2078 789 2133 tum
813 2070 924 2154 oppido
948 2069 1127 2154 praefuerat,
1149 2069 1289 2131 m'rntium

498 2171 536 2235 ad
559 2195 626 2235 enm
652 2174 744 2238 misit.

390 2280 419 2342 8.
451 2276 501 2340 Ad
523 2283 553 2339 te
577 2276 717 2356 scribam,
735 2301 802 2342 cnm
828 2278 896 2363 plns
920 2279 975 2340 otii
999 2276 1129 2342 habebo.

390 2385 419 2445 9.
450 2381 528 2444 Cum
551 2384 675 2461 veneris,
694 2383 750 2450 hoc
773 2391 945 2467 cognosces.

368 2489 418 2550 10.
450 2485 527 2549 Cum
558 2486 666 2550 Caesar
694 2488 731 2551 ad
762 2488 905 2573 oppidum
935 2487 1107 2550 accessisset
1133 2493 1289 2570 castraque

497 2599 630 2676 poneret,
658 2600 744 2677 pueri
775 2592 975 2676 mulieresque
1000 2614 1038 2654 ex
1068 2598 1154 2652 mr'rro
1185 2599 1286 2675 pacem

495 2695 532 2759 ab
556 2696 701 2760 Romanis
725 2697 886 2781 petierunt.

276 2951 343 3013 635.
373 2947 483 3012 Runa:
511 2947 548 3011 In
578 2971 595 3010 a
623 2946 723 3010 clause
752 2944 931 3008 introduced
956 2942 995 3027 by
1021 2962 1088 3006 cum
1114 2942 1288 3027 expressing

232 3069 316 3146 time,
331 3068 382 3131 the
398 3068 468 3132 verb
484 3068 510 3131 is
528 3068 559 3131 in
581 3068 632 3131 the
652 3068 850 3153 Snbjnnctive
867 3066 892 3129 if
915 3065 965 3128 the
984 3062 1146 3148 imperfect
1165 3086 1199 3126 or
1214 3062 1285 3125 Plu-

233 3189 346 3274 perfect
360 3196 444 3253 tense
458 3189 484 3253 is
501 3189 596 3267 used3
621 3190 777 3253 otherwise
793 3188 823 3251 in
842 3187 892 3250 the
908 3185 1086 3249 Indicative.

276 3441 342 3504 636.
388 3441 416 3502 l.
449 3438 466 3502 I
489 3461 549 3502 saw
571 3438 623 3502 the
645 3460 782 3523 emperor
805 3437 889 3500 when
915 3436 932 3499 I
955 3459 1015 3499 was
1037 3442 1069 3497 at
1091 3435 1196 3498 Rome.

387 3547 415 3606 2.
448 3542 547 3606 When
571 3566 614 3606 we
637 3539 707 3606 see1
730 3543 765 3620 it,
789 3565 832 3605 we
854 3541 929 3604 shall
953 3539 1067 3603 believe
1090 3540 1123 3603 it.

386 3650 415 3711 3.
446 3647 547 3711 When
568 3646 675 3710 Caesar
697 3646 757 3710 had
776 3645 923 3730 arranged
943 3643 983 3707 all
1004 3644 1107 3727 things
1127 3650 1160 3706 at
1181 3643 1287 3720 Rome,

494 3752 532 3815 he
555 3751 698 3816 hastened
722 3751 785 3814 into
811 3749 901 3815 Gaul.

385 3859 416 3922 4.
447 3856 547 3921 When
561 3880 604 3920 we
620 3854 745 3920 returnl
756 3856 854 3931 home,
868 3877 910 3916 we
926 3852 1002 3916 shall
1019 3852 1058 3915 do
1073 3852 1156 3915 these
1172 3852 1286 3936 things.
