2867 4267
574 311 740 358 Auunrlvu
763 313 940 360 ABSOLUTE.

269 532 334 595 678.
522 537 693 586 crunnus
714 537 764 587 rr
784 537 983 587 mansurus.

271 692 400 756 Remini
437 693 617 772 Tarentinis,
648 704 700 779 qui
734 695 767 759 in
797 696 906 758 ultima
935 695 1027 759 Italia
1057 701 1138 772 sunt,
1168 694 1282 759 bellum

228 795 411 890 indixerunt.
460 798 520 861 His
543 806 578 862 ut
598 796 743 862 auxilium
764 800 864 875 ferret,
887 799 1030 883 Pyrrhus
1054 785 1141 883 Epiri
1167 807 1229 877 rex,
1251 800 1282 862 in

228 900 348 964 Italiam
364 901 456 966 venit.
501 902 578 966 Tum
595 912 726 988 primum
743 904 871 967 Rrimaiui
888 926 957 966 curn
981 911 1181 966 transmarini)
1197 904 1282 967 hoste

227 1003 457 1071 dimicaverunt.
504 1007 620 1070 Missus
643 1015 688 1071 est
710 1014 816 1070 eontra
839 1031 907 1070 eum
930 1007 1035 1070 ccusnl
1051 1007 1190 1070 Valerius
1206 1007 1281 1071 Lae·

226 1116 325 1186 vinus,
347 1118 409 1194 qui,
434 1133 502 1173 cum
526 1111 731 1196 explcratrin'rs
755 1112 863 1195 Pyrrhi
887 1112 1024 1196 cepisset,
1047 1111 1137 1174 iussit
1154 1120 1204 1174 eris
1229 1134 1282 1196 per

226 1220 323 1275 eastra
341 1213 423 1291 duci,
440 1215 618 1299 (isteudique
633 1238 752 1277 omnem
767 1215 941 1292 exercitum,
958 1224 1082 1299 tumque
1104 1215 1229 1292 dimitti,
1246 1223 1280 1278 ut

226 1318 433 1381 renuntiarent
456 1318 571 1403 Pyrrhi)
595 1342 801 1404 quaecumque
823 1330 842 1382 a
865 1319 1009 1383 Rumanis
1032 1326 1198 1403 agerentur.

268 1420 437 1485 Commissa
459 1445 529 1485 mox
552 1426 827 1508 pugua,curnian1
844 1423 977 1507 Pyrrhus
993 1423 1121 1507 fugeret,
1138 1422 1278 1508 elephan-

224 1531 325 1589 terum
341 1526 453 1590 auxilii)
469 1527 553 1605 vicit,
570 1536 645 1611 qutis
669 1528 838 1611 incriguitris
854 1528 983 1592 Rumam
1000 1535 1202 1613 expaverunt:
1227 1528 1279 1592 sed

225 1652 285 1693 nox
301 1631 414 1715 proelii)
430 1631 524 1695 tinem
540 1632 633 1697 dedit.
680 1634 832 1697 Laevinus
848 1641 947 1696 tamen
969 1655 1022 1718 per
1044 1641 1164 1696 noctem
1186 1633 1277 1717 frigit.

224 1733 359 1818 Pyrrhus
385 1735 539 1800 Rumants
566 1736 648 1799 mille
678 1737 869 1820 octingentas
899 1737 989 1822 cepit,
1019 1745 1129 1821 erisque
1160 1745 1278 1800 summi}

225 1839 337 1903 hontire
352 1841 504 1918 tractavit,
521 1849 636 1905 occisus
652 1840 790 1926 sepelivit
799 1868 808 1920 3
834 1850 909 1926 quris
925 1864 993 1904 eum
1009 1841 1134 1904 adversi)
1158 1841 1278 1904 voluere

224 1951 254 2007 et
284 1952 363 2008 truci
394 1945 479 2009 voltu
511 1953 646 2010 mortuiis
675 1946 771 2010 iacere
794 1945 930 2023 vidisset,
961 1945 1065 2008 tulisse
1095 1945 1133 2008 ad
1162 1944 1277 2009 caelum

224 2059 332 2113 maniis
356 2049 470 2113 dicitur
493 2073 562 2114 eum
586 2050 642 2114 hac
664 2059 748 2128 viree,
765 2058 797 2114 se
820 2058 915 2114 trinus
939 2049 1020 2113 orbis
1043 2049 1198 2113 dominum
1215 2072 1278 2113 esse

223 2155 367 2239 potuisse,
389 2163 415 2218 si
438 2154 514 2218 tales
537 2154 593 2218 sibi
619 2155 730 2218 milites
753 2155 959 2237 contigissent.

267 2258 376 2323 Postea
392 2259 535 2344 Pyrrhus,
552 2260 664 2323 iunctis
685 2259 743 2323 sibi
761 2258 957 2336 Samnitibus
974 2259 1116 2335 Lucanis,
1132 2258 1276 2322 Bruttiis-

224 2386 292 2447 que,
308 2365 435 2428 Rumam
451 2364 602 2450 perrexit;
628 2365 728 2427 omnia
743 2365 820 2426 ferri]
839 2371 964 2448 ignique
980 2364 1127 2438 vastavit3
1151 2362 1277 2448 Campa-

223 2468 302 2531 niam
329 2469 529 2554 depcpulatus
552 2476 618 2546 est3
646 2474 736 2553 atque
761 2467 939 2530 Praenesteu
966 2467 1049 2530 veuit
1079 2467 1209 2530 miliarii)
1239 2466 1277 2530 ab

222 2571 297 2636 urbe
313 2582 419 2636 octavii
435 2573 562 2636 decimu.
607 2572 682 2636 Mox
698 2580 811 2636 ternire
827 2572 985 2649 exercitiis,
1000 2581 1053 2656 qui
1070 2595 1139 2636 curn
1155 2571 1277 2636 cunsule

222 2676 413 2760 sequebatur,
437 2677 469 2740 in
491 2677 687 2763 Campaniam
710 2685 742 2740 se
765 2678 883 2761 recepit.
930 2676 1050 2760 Legati,
1066 2676 1104 2739 ad
1128 2676 1277 2760 Pyrrhum

223 2781 260 2844 de
283 2781 463 2845 redimendis
487 2790 616 2867 captivis
639 2790 736 2859 missi,
752 2781 789 2845 ab
805 2790 840 2844 cri
862 2781 1023 2844 honririfice
1038 2787 1169 2865 suscepti
1185 2788 1276 2858 sunt3

222 2894 358 2970 captivus
374 2885 438 2949 sine
453 2886 689 2970 pretiri'Rirmam
708 2886 801 2949 misit.

266 2975 370 3054 Unum
393 3012 430 3052 ex
456 2990 565 3073 legatis
592 2991 809 3063 Rumarnirum
832 2974 1014 3064 Fabricium,
1041 2998 1086 3055 sic
1111 2988 1277 3052 admiratus

222 3102 277 3170 est,
303 3105 348 3170 ut,
373 3117 442 3158 cum
467 3117 536 3158 eum
561 3117 721 3179 pauperem
748 3117 812 3157 esse
836 3094 1037 3178 regnavisset,
1062 3104 1170 3178 quarta
1193 3100 1277 3178 parte

221 3207 306 3280 regni
329 3208 487 3283 primissa,
511 3199 671 3263 sollicitare
694 3199 886 3278 volucritat
909 3199 944 3262 ad
969 3207 1000 3262 se
1023 3207 1182 3277 traus1ret3
1206 3221 1277 3262 cou-

222 3311 414 3388 temptusque
444 3314 462 3366 a,
487 3303 627 3367 Fabricii}
658 3312 713 3368 est.
765 3304 866 3384 Quare
896 3326 966 3366 cum
997 3303 1131 3387 Pyrrhus
1160 3304 1276 3386 ingenti

222 3408 427 3471 Rumarnirum
451 3408 650 3471 admiritirine
675 3415 837 3484 teneretur,
856 3409 990 3491 legatum
1015 3408 1209 3492 praecipuum
1234 3408 1277 3469 vi-

222 3535 299 3589 rum,
315 3512 438 3575 Cineam
461 3513 592 3589 mimine,
609 3514 703 3589 misit,
720 3521 772 3597 qui
796 3523 899 3597 piscem
924 3521 1027 3596 aequis
1050 3511 1277 3575 condiciunibus

222 3623 335 3702 peteret
347 3644 356 3694 3
391 3616 434 3679 ita
464 3625 498 3679 nt
529 3617 661 3700 Pyrrhus
691 3624 807 3702 partem
832 3602 950 3693 italiae,
978 3639 1068 3700 quam
1095 3617 1155 3679 iam
1185 3625 1276 3679 armis

222 3728 430 3807 occupaverat,
454 3721 613 3786 obtineret.

264 3826 427 3890 interiecti>
450 3836 539 3905 eunti,
555 3833 661 3890 contris
684 3826 834 3910 Pyrrhum
852 3823 1010 3889 Fabricius
1026 3829 1071 3887 est
1086 3832 1207 3902 missus,
1223 3833 1276 3909 qui
