2867 4267
146 203 212 271 264
454 224 678 273 counrrrouun
700 225 894 275 ssuruucna

511 680 702 749 Lussorr
738 649 837 750 cxi.
900 640 902 644 '

224 883 494 938 OONDITIONAL
518 882 741 937 SENTENCES
767 882 961 938 IMPLYING
985 883 1124 940 DOUBT.

189 1060 256 1124 64&
287 1056 393 1121 Model
408 1066 565 1121 sentence:

167 1222 211 1277 ffi
227 1221 336 1285 adsit,
354 1228 426 1275 bene
443 1223 505 1276 sit.
539 1227 628 1281 Istae
641 1228 759 1274 sewum
771 1228 965 1286 bevrcscnt,
976 1220 1006 1274 tt
1017 1228 1124 1274 would
1136 1229 1172 1274 be

575 1309 652 1369 well.

187 1474 253 1538 64⁷.
297 1474 327 1537 1.
359 1473 391 1538 Si
412 1474 578 1538 exercitum
595 1479 679 1537 trians
700 1472 813 1536 flumen
835 1472 936 1549 diicat,
953 1472 1055 1536 hostes
1070 1473 1197 1556 fugiant.

298 1578 328 1638 2.
360 1573 393 1638 Si
417 1574 489 1638 urbs
511 1575 658 1659 capiatur,
674 1573 822 1658 templum
844 1583 863 1636 Ta
885 1573 1033 1637 militibus
1053 1571 1198 1636 deleatur,

298 1677 329 1739 3.
360 1675 393 1739 Si
416 1674 618 1760 exploratores
640 1674 735 1738 hostis
757 1673 888 1750 videant,
903 1673 1047 1736 citissime
1068 1672 1198 1739 redeant.

298 1776 330 1841 4.
362 1774 394 1838 bi
418 1774 554 1839 Helvetii
579 1782 595 1838 ἐ
618 1773 734 1837 linibus
757 1782 873 1850 exeant,
890 1773 1055 1859 prohibeat.

298 1877 330 1941 5.
361 1874 393 1938 bi
417 1875 517 1940 Aedui
538 1874 655 1959 legatos
677 1873 716 1938 ad
737 1873 893 1937 Caesarem
913 1880 1043 1950 mittent,
1058 1874 1199 1961 impetra·

406 1972 508 2039 bunt.¹
613 1972 621 1985 “

298 2078 329 2141 6.
359 2074 398 2139 Id
420 2084 446 2139 si
468 2075 535 2155 liet,
557 2085 667 2162 migne
687 2099 758 2139 curn
780 2075 915 2162 periculo
939 2078 1109 2162 provinciae
1131 2077 1198 2141 erit.

299 2177 330 2241 7.
360 2175 461 2240 Aedui
487 2185 513 2240 si
540 2185 571 2241 se
597 2178 754 2241 defendere
781 2186 841 2240 nou
868 2179 994 2263 possint,
1018 2177 1134 2262 legatos
1160 2177 1199 2241 ad

407 2275 563 2341 Caesarem
585 2284 708 2340 mittant
732 2288 873 2360 rogatum
896 2278 1052 2341 auxilium.

299 2378 330 2442 8.
361 2375 394 2440 Si
421 2377 521 2441 hostes
547 2376 665 2441 Caesari
688 2374 809 2441 obsides
831 2377 914 2456 dent,
937 2387 1040 2464 pacem
1063 2401 1132 2442 cnm
1155 2386 1199 2442 eis

406 2477 507 2543 faciat.
1059 2478 1066 2489 '

298 2580 328 2642 9.
359 2577 392 2641 Si
409 2577 551 2642 Germani
567 2579 707 2644 Rhenum
726 2578 911 2657 transibunt,
927 2578 1034 2643 Caesar
1048 2579 1080 2642 in
1095 2588 1198 2643 eorum

405 2676 481 2740 linis
496 2679 663 2743 contendet.

276 2776 328 2840 10.
358 2774 477 2853 Caesar,
493 2784 519 2839 si
546 2776 680 2842 Helvetii
707 2778 823 2842 Aeduis
849 2776 964 2842 bellurn
988 2778 1130 2855 inferant,
1146 2787 1197 2842 eris

405 2885 461 2964 pro
484 2876 623 2941 hostibus
647 2877 765 2967 haheat.

187 3044 254 3106 64&
284 3040 397 3105 Ruunt
422 3040 462 3105 In
487 3063 505 3104 a
527 3039 586 3122 less
601 3040 684 3103 vivid
708 3042 811 3104 future
837 3038 1021 3104 conditional
1047 3045 1196 3116 sentence,

146 3160 241 3224 which
256 3161 372 3247 implies
393 3159 500 3238 doubt,
516 3160 566 3224 the
582 3162 707 3224 Preseut
723 3159 922 3246 Subiunctive
943 3161 970 3224 is
985 3159 1060 3225 used
1073 3158 1107 3224 in
1122 3157 1195 3223 both

145 3283 195 3346 the
209 3281 364 3345 condition
379 3282 439 3346 aud
453 3283 505 3346 the
519 3279 717 3348 conclusion.¹

187 3452 253 3516 649.
297 3450 326 3513 l.
357 3447 392 3513 If
410 3470 472 3534 yon
495 3448 578 3588 wiite
599 3448 652 3513 the
673 3446 772 3528 letter,
795 3447 814 3514 Ι
838 3448 898 3513 will
923 3449 994 3513 take
1016 3449 1041 3513 it
1063 3456 1096 3514 to
1118 3471 1195 3535 your

298 3656 326 3715 2.
358 3649 391 3714 If
406 3549 579 3713 filiendioun
612 3649 722 3713 should
752 3648 790 3714 be
822 3649 914 3713 taken
948 3648 988 3733 by
1014 3657 1118 3728 storm,
1143 3651 1194 3714 the

404 3749 528 3816 citizens
551 3750 651 3813 would
673 3749 710 3813 be
733 3756 843 3836 putto
866 3749 965 3814 death.
