2867 4267
508 266 710 319 manuumve
731 268 834 321 MOOD.

470 785 662 857 LESSON
697 789 873 856 LXXXI.

158 1003 290 1063 veens.
325 1003 571 1061 Iueununivu
596 1006 712 1060 moon.
750 1007 873 1060 'eumn
898 1007 1183 1063 eousuuaumn.

187 1202 257 1266 486.
286 1198 411 1262 Preseut
433 1195 609 1282 imperative
631 1196 729 1260 active
754 1196 814 1260 and
836 1197 953 1281 passive
969 1198 1003 1260 oi
1018 1203 1101 1279 regi),
1119 1200 1197 1277 rute,

144 1304 205 1368 and
218 1303 315 1384 capii,
332 1302 422 1366 tute:

613 1420 727 1471 Aemvn.

404 1520 475 1587 Siug.
855 1520 923 1571 Plur.

318 1640 399 1706 rege,
415 1623 482 1684 rute
497 1622 576 1683 tiana.
771 1620 876 1703 regite,
893 1621 962 1684 rute
972 1644 1020 1704 pe.

319 1745 402 1812 cape,
419 1726 583 1789 tultellae.
770 1726 878 1809 eapite,
895 1726 964 1789 tale
972 1748 1021 1810 ye.

610 1901 735 1951 Pass1vn.

231 2023 346 2090 regere,
362 2005 396 2068 be
411 2004 481 2067 thou
496 2004 593 2066 ruled.
764 2002 916 2085 regimini,
933 2002 966 2063 be
976 2024 1018 2084 pe
1032 2001 1131 2066 valed.

231 2135 348 2203 sapere,
364 2117 484 2180 bathon
500 2117 599 2180 talea.
761 2116 917 2200 capimini,
933 2116 968 2177 be
978 2137 1019 2197 pe
1034 2115 1133 2179 taken.

187 2363 256 2427 48⁷.
299 2361 328 2424 1.
358 2358 442 2443 Rege
471 2359 606 2423 animum
634 2366 723 2422 tuum
735 2385 745 2437 3
784 2358 928 2423 virtutem
960 2358 1197 2445 sapientiamque

392 2471 481 2536 nole.

298 2588 328 2651 2.
356 2585 461 2649 Prima
482 2585 550 2647 lime
571 2585 603 2648 in
626 2583 723 2649 hostis
746 2585 893 2673 impetum
916 2585 1015 2650 facite.

299 2701 329 2763 3.
360 2698 454 2761 Arma
468 2703 575 2776 vestra,
592 2697 715 2776 milites,
734 2707 930 2784 magnacum
946 2706 1020 2761 ovina
1034 2698 1185 2783 inspicite.

297 2813 328 2876 4.
360 2810 482 2873 Virtute
498 2832 610 2894 regere,
625 2832 695 2873 nam
711 2810 810 2873 virtus
826 2818 872 2874 est
886 2810 1001 2897 optima
1016 2817 1095 2873 vitae
1111 2810 1184 2874 dux.

298 2925 328 2989 5.
357 2920 450 2988 Die1
464 2921 503 2985 ad
525 2930 574 2985 me
595 2945 717 3008 equum,
733 2945 803 2985 nam
825 2922 864 2986 ad
879 2922 1094 3007 profectitinem
1109 2932 1197 3007 para·

405 3042 456 3099 tus
478 3057 564 3099 sums

298 3151 329 3215 6.
358 3145 443 3213 Die¹
464 3147 550 3226 mihi,
566 3147 709 3211 vidistine
732 3148 821 3211 hodie
844 3171 946 3212 meum
968 3149 1115 3212 statuam?

298 3262 327 3328 ⁷.
358 3260 478 3325 Bellum
502 3260 715 3324 Helvetiorum
739 3283 829 3344 quam
851 3259 1004 3324 celerrime
1027 3260 1174 3324 eunfieite.

298 3377 328 3440 8.
358 3373 398 3439 In
421 3379 555 3436 montem
581 3381 635 3436 vus
661 3372 796 3459 recipite,
823 3394 893 3436 nam
919 3379 1022 3436 noster
1051 3373 1198 3436 exereitus

405 3485 564 3563 superatus
586 3485 642 3542 est.

297 3593 327 3655 9.
357 3576 473 3653 illone
497 3588 650 3678 superium
671 3587 705 3651 in
726 3587 823 3652 hostis
846 3588 906 3651 tela
928 3587 1065 3651 conicite.

276 3697 327 3759 10.
356 3691 514 3778 Epistulas
536 3691 574 3756 ad
596 3699 645 3755 me
660 3714 748 3778 saepe
762 3691 869 3770 scribe,
884 3714 955 3755 nam
968 3699 1038 3755 tuas
1053 3689 1197 3775 epistulas

403 3803 534 3869 libenter
555 3802 634 3888 legs).
