2867 4267
646 304 834 353 romanica.
1226 291 1265 358 91

212 485 319 542 taurus
343 478 465 563 partim,
489 478 600 563 partim
627 478 728 555 homo,
752 477 919 543 habitabat.
965 479 1138 545 Monstrum
1166 489 1265 547 autem

212 590 267 645 rex
288 582 404 660 Cretae,
421 604 526 645 saevus
550 582 650 658 homo,
669 591 798 668 captivis
820 582 989 667 saginabat.
1035 585 1121 649 Inter
1142 587 1266 651 miseras

211 686 350 750 victimas
374 685 527 770 quondam
550 693 614 750 erat
636 686 780 764 Theseus,
796 687 920 772 regulus
943 688 1073 753 Atticus.
1121 691 1266 769 Ariadna,

211 797 322 869 tamen,
353 790 420 854 iilia
458 791 548 874 rogis,
579 791 668 876 plena
697 793 917 857 misericordiae
952 801 983 857 ct
1012 795 1134 875 amoriS,
1163 796 1265 860 iuveni

211 895 302 958 filum
328 894 455 979 longum
479 903 649 980 mirumque
673 896 808 979 gladium
833 896 894 960 dat.
941 896 1042 961 intrat
1064 899 1159 983 igitur
1181 900 1265 986 laby-

212 1000 358 1077 rinthum,
387 998 538 1084 filumque
573 1000 612 1063 ad
650 1009 767 1085 portam
806 1001 930 1084 adligat.
992 1002 1099 1087 Itaque
1138 1005 1265 1083 iuvenis,

211 1103 326 1166 auxilio
352 1102 413 1181 fili,
435 1111 548 1167 certam
568 1104 646 1167 viam
675 1104 707 1167 iri
722 1111 808 1167 visto
835 1103 1006 1188 labyrintho
1033 1117 1141 1172 servat.
1186 1108 1265 1172 Tum

211 1206 313 1290 gladio
342 1215 510 1270 monstrum
540 1206 669 1271 feliciter
706 1215 802 1272 necat.
862 1207 930 1272 Nec
959 1208 1051 1295 longa
1087 1233 1171 1275 mora
1208 1220 1263 1277 est.
1349 1256 1353 1266 ·

210 1311 344 1376 Theseus
366 1334 435 1375 oum
458 1310 525 1375 filia
548 1312 627 1396 regis
650 1320 722 1375 navi
744 1319 827 1375 trans
850 1311 946 1377 latum
970 1337 1049 1379 marc
1072 1317 1162 1400 fugit.

254 1510 265 1545 ³
282 1512 313 1562 In
325 1510 438 1576 military
447 1512 603 1579 expressions
615 1513 738 1579 denotirrg
749 1515 963 1580 accompaniment
972 1516 1016 1567 the
1027 1518 1181 1584 proposition
1193 1533 1265 1571 oum

211 1594 233 1643 is
244 1594 313 1645 often
324 1595 438 1646 omitted

577 2110 769 2179 LESSON
798 2112 898 2180 XLI.

504 2293 531 2348 N
534 2293 728 2349 UMERALS.
741 2327 776 2335 —
789 2295 972 2352 Commodo.

538 2464 615 2519 'l'rim
634 2464 753 2520 Wflmr:
772 2466 933 2520 Aamrrvm

254 2641 322 2704 289.
352 2637 458 2703 Modol
473 2645 633 2702 sentence:

272 2803 407 2859 octava
424 2802 511 2859 Ιιότῖι
528 2808 645 2856 cenavit.
679 2800 730 2859 Hc
745 2799 838 2858 dicad
852 2814 889 2857 at
901 2814 957 2858 tae
970 2814 1082 2868 einata
1094 2814 1188 2861 anor.

283 2887 501 2930 normannia,

251 3023 318 3088 290.
361 3023 390 3085 1.
421 3020 525 3086 Multa
546 3021 598 3085 nix
620 3028 666 3086 est
687 3021 785 3086 hieme
807 3021 841 3086 in
863 3019 1027 3085 montibus.

360 3124 390 3187 2.
421 3120 583 3208 Agricolae
605 3130 694 3206 agros
717 3129 786 3186 vere
809 3128 904 3187 amnt.

361 3225 392 3287 3.
422 3224 548 3287 Aestate
562 3221 688 3286 flamina
710 3230 771 3285 non
794 3230 866 3286 sunt
888 3222 958 3287 alta.

359 3326 390 3388 4.
421 3323 515 3410 Apud
550 3321 725 3387 Ciceronem
762 3322 915 3387 consulem
953 3322 1065 3387 multos
1100 3323 1195 3389 libros
1229 3331 1260 3390 et

468 3426 580 3491 multis
603 3434 719 3491 statuas
743 3427 884 3491 vidimus.

361 3529 390 3592 5.
421 3528 525 3591 Prima
547 3526 615 3591 lirce
637 3550 728 3612 eques
750 3526 870 3590 Caesari
893 3526 1049 3592 victoriam
1072 3530 1234 3594 rii'mtiavit.

360 3631 389 3693 6.
420 3628 544 3714 Lupum
566 3627 664 3692 multa
685 3625 795 3693 nocte¹
817 3628 848 3690 in
871 3627 1014 3711 gregibus
1037 3629 1179 3695 vidimus,

360 3730 389 3797 7.
419 3727 523 3793 PrImo
554 3737 633 3792 anno
664 3727 794 3791 Romani
827 3726 959 3792 Brutum
990 3728 1144 3794 consulam
1175 3740 1256 3796 orea-

467 3837 585 3897 verunt.
