2867 4267
523 307 625 353 uulua
647 306 859 356 accumulent.

526 898 718 967 LESSON
746 898 853 967 XIX.

177 1112 300 1168 THIRD
325 1113 811 1170 DECLENSION.-LINGUAL
835 1115 1196 1172 sunus-cosanum>

210 1315 274 1377 183.
303 1311 483 1376 Declension
499 1315 532 1377 of
544 1321 647 1396 caput,
663 1337 705 1393 n.,
721 1316 820 1379 head:

607 1490 684 1550 Stena,
699 1490 779 1553 capit-

514 1606 587 1656 sanc.
789 1608 872 1660 Pnuu

380 1706 469 1771 Nou.
515 1714 607 1793 caput
780 1710 883 1795 capita

351 1811 464 1876 ,Gau
514 1812 622 1896 capitis
779 1814 913 1899 capitum

381 1917 462 1981 Dan.
517 1920 612 2006 capiti
782 1919 934 2004 capitibus

380 2023 458 2087 Ace.
515 2031 607 2111 caput
782 2024 884 2109 capitu

380 2127 460 2191 Anu.
516 2129 614 2216 capite
782 2128 933 2215 capitibus

207 2341 289 2405 Note
304 2341 371 2404 that
392 2341 405 2401 i
427 2340 458 2402 in
480 2337 577 2416 capit-
599 2340 625 2403 is
648 2323 784 2424 changeii
806 2347 838 2404 tc
860 2362 882 2406 u
903 2341 936 2405 in
958 2342 1009 2407 the
1031 2344 1215 2411 nominative

163 2449 221 2512 and
245 2451 411 2514 accusative
435 2451 578 2536 singular.

209 2679 274 2741 184.
318 2682 346 2743 l.
377 2680 474 2743 Rama
497 2686 542 2742 est
564 2687 655 2765 caput
677 2679 793 2743 Italiae.

318 2789 346 2847 2.
379 2785 522 2848 Senectus
546 2808 632 2870 saepe
654 2791 700 2847 est
723 2785 858 2848 molesta.

317 2892 346 2952 3.
379 2889 517 2953 Pericula
539 2890 739 2966 inventutem,
763 2898 822 2952 nan
846 2896 1029 2953 senectutem
1052 2889 1212 2955 delectant.

316 2998 346 3057 4.
377 2995 482 3080 Neptis
506 3003 625 3078 reginae
649 2994 754 3080 templi
777 3000 880 3057 custus
903 3002 958 3059 est.

317 3100 346 3162 5.
377 3099 508 3184 Lapides
531 3106 613 3163 acuti
637 3098 765 3183 pedibus
788 3098 921 3162 militum
943 3099 1061 3163 molesti
1085 3106 1165 3164 sunt.

316 3206 345 3265 6.
376 3203 523 3267 (lustndes
547 3227 632 3288 saepe
655 3203 768 3267 incauti
792 3210 872 3267 sunt.

317 3310 346 3371 7.
378 3308 494 3371 Milites
517 3316 597 3371 saevi
621 3308 748 3372 Rumam
773 3307 912 3371 libertate
935 3314 1140 3394 privaverunt.

317 3414 346 3476 8.
378 3412 464 3477 Libri
499 3420 646 3477 senectuti
679 3421 752 3489 cari,
785 3412 936 3478 iuventuti
970 3435 1058 3498 saepe
1092 3411 1212 3476 molesti

424 3524 504 3581 sunt.

316 3623 345 3685 9.
377 3621 488 3685 Peritis
510 3629 613 3686 nautis
636 3621 770 3707 pericula
792 3630 853 3684 nan
876 3628 948 3685 sunt
969 3622 1105 3686 molesta.

205 3718 209 3728 ’
295 3727 346 3790 10.
376 3725 512 3811 Nepetes
542 3728 634 3790 Marii
666 3727 774 3811 lupum
806 3725 912 3790 iaculis
946 3735 1045 3792 aciatis
1078 3726 1109 3791 in
1137 3727 1213 3791 silva

307 3912 309 3916 .
423 3838 649 3916 superaverunt.
