2867 4267
541 273 792 325 mesoneobos.

476 507 595 559 Sounds
610 509 644 558 01
658 511 713 558 the
727 512 856 562 letters.

617 679 714 724 Vowels.

183 798 209 861 5.
282 803 348 863 fies
363 796 394 860 in
399 797 521 882 sother.
753 806 770 866 ὃ
786 825 818 866 es
834 803 866 866 in
880 806 941 869 oie.

282 911 299 967 ὁ
314 925 347 964 33
362 901 394 964 in
409 901 486 985 they.
753 911 774 969 fi
790 929 823 969 33
838 931 871 970 oo
886 908 919 971 in
934 931 1030 977 moon.

284 1009 340 1070 ies
355 1005 387 1068 in
403 1006 548 1071 machine.

181 1145 246 1210 The
260 1145 496 1231 corresponding
511 1146 597 1210 short
611 1147 720 1211 vowels
735 1149 811 1214 have
825 1150 877 1214 the
892 1174 973 1217 seme
995 1152 1105 1233 sound,
1120 1153 1189 1238 only

138 1250 263 1317 shorter.

611 1387 759 1444 Dipblbonoo.

180 1506 205 1567 6.
257 1527 294 1571 ee
313 1506 385 1589 (ei)
402 1528 434 1570 33
450 1507 484 1570 ai
498 1507 529 1570 in
546 1508 631 1571 oble.
758 1510 790 1572 ei
804 1531 837 1572 33
852 1508 884 1573 in
900 1510 992 1593 eiyhl.

257 1630 292 1675 oe
310 1611 379 1693 (oi)
396 1635 429 1674 33
444 1612 475 1675 oi
489 1611 521 1675 in
536 1611 614 1674 eolo.
756 1614 791 1675 ui
805 1612 867 1676 like
881 1636 933 1679 we.

257 1735 299 1780 eu
313 1738 345 1778 33
361 1716 450 1779 ow'in
466 1740 540 1780 now.
756 1736 796 1781 eu
810 1740 842 1780 33
857 1718 889 1781 in
893 1719 986 1804 seed

590 1926 738 1972 Cossoosnls.

180 2046 206 2110 ⁷.
251 2068 267 2112 e
284 2070 316 2110 33
331 2045 364 2110 in
380 2068 467 2109 come.
762 2066 784 2110 v
800 2068 831 2108 33
847 2068 873 2107 w
889 2046 919 2109 in
935 2049 1026 2113 wood.

253 2172 276 2234 g
291 2175 323 2215 33
338 2152 370 2214 in
381 2174 430 2232 ρο.
762 2170 780 2213 z
795 2172 827 2211 33
843 2152 881 2213 dz
896 2150 928 2213 in
942 2154 1025 2216 adse.

253 2278 268 2321 s
283 2279 315 2319 33
332 2255 362 2318 in
378 2255 453 2318 seol.
762 2255 798 2317 bs
815 2252 876 2317 like
883 2277 934 2336 pe.

252 2369 267 2425 t
282 2383 315 2423 33
330 2360 363 2423 in
379 2360 456 2424 time.
762 2361 801 2423 oh
816 2358 878 2423 like
892 2361 922 2424 lc.

257 2467 269 2527 i
294 2463 516 2548 (semi-vowel)
533 2488 565 2528 33
583 2488 607 2548 y
629 2463 662 2526 in
760 2466 804 2544 ph
818 2461 920 2549 likes.

291 2591 403 2652 youoy.
662 2608 665 2614 ·
761 2568 797 2632 th
813 2591 844 2631 33
861 2569 893 2632 eh
909 2569 940 2631 in
955 2570 1120 2637 hot-hmo.

179 2708 244 2772 'l'he
257 2714 317 2771 rest
333 2707 366 2771 of
378 2707 430 2771 the
445 2715 625 2772 consonants
641 2731 690 2772 are
706 2708 901 2794 pronounoed
917 2731 949 2771 33
965 2708 997 2771 in
1011 2708 1150 2794 English.

584 2944 745 3003 syllables.

178 3092 204 3155 8.
232 3090 332 3176 Every
344 3091 434 3155 Latin
446 3090 528 3155 word
542 3090 597 3155 hes
612 3116 644 3156 33
661 3114 749 3176 many
765 3089 905 3176 syllables
920 3114 954 3154 33
969 3091 993 3155 it
1007 3090 1062 3156 hes
1077 3094 1186 3157 vowels

135 3217 170 3259 or
196 3195 380 3280 diphthongo
391 3221 401 3272 3
436 3193 508 3257 thus
537 3198 673 3278 epistula
703 3196 756 3259 has
786 3195 857 3259 four
872 3194 1023 3280 syllables
1051 3205 1185 3275 mensae,

135 3305 205 3363 two.

178 3403 217 3468 In
243 3403 294 3467 ibe
323 3402 453 3466 division
483 3404 516 3466 of
543 3403 640 3467 words
670 3403 735 3467 into
765 3403 916 3488 syllables,
943 3426 1031 3489 every
1061 3403 1186 3488 syllable

134 3508 208 3573 ends
223 3509 255 3572 in
275 3507 411 3585 avowel,
428 3514 534 3593 except
555 3507 638 3570 when
662 3508 737 3571 such
759 3532 776 3571 a
800 3507 1003 3572 combination
1026 3509 1059 3571 of
1079 3531 1185 3572 conso·

135 3620 222 3677 nanis
238 3612 354 3677 follows
369 3636 401 3677 33
417 3619 527 3677 cannot
542 3611 632 3697 begin
647 3636 664 3675 3
686 3612 768 3677 word
777 3640 786 3690 3
811 3614 893 3690 thus,
908 3618 1060 3695 nsi-gnus,
1081 3615 1185 3691 ‹li-xit,
1245 3656 1252 3674 .

134 3719 262 3781 lietera„
307 3717 371 3780 But
390 3718 442 3781 the
464 3723 546 3803 parts
569 3717 603 3781 of
624 3716 797 3803 eompound
819 3716 916 3780 words
939 3738 989 3780 ere
1011 3715 1186 3802 separeted3

133 3841 178 3899 as,
200 3825 306 3887 abest
