2867 4267
664 258 841 304 APPENDIX.

258 481 303 534 24.
466 475 797 533 INTERROGATIVE
821 478 1051 534 ADJECTIVE.

674 603 735 668 qui,
750 602 839 654 what?

472 696 546 748 S1nu.
961 699 1043 750 Puuu.

338 780 402 822 Mass.
477 779 535 820 Fam.
618 780 682 821 Neut.
820 781 882 821 blase.
994 781 1049 822 Fam.
1165 781 1231 823 uena.

226 848 309 903 Non.
342 853 391 917 qui
478 862 550 916 quae
610 846 685 916 quod
817 853 867 915 qui
990 862 1063 916 quae
1164 864 1236 917 quae

225 937 299 990 Gau.
338 934 417 989 adius
473 934 552 988 cuius
605 933 686 988 adius
814 938 933 1004 quirum
987 942 1105 1003 quarum
1160 941 1282 1004 qudrum

224 1025 299 1076 Das.
342 1022 387 1076 cui
475 1021 521 1076 oui
608 1021 654 1075 cui
816 1020 919 1091 quibus
991 1021 1094 1091 quibus
1162 1022 1265 1092 quibus

225 1112 296 1164 Ace.
339 1126 423 1179 quem
474 1125 561 1179 quam
608 1109 683 1179 quod
815 1115 885 1179 quds
990 1117 1059 1178 quas
1165 1126 1237 1181 quae

224 1198 297 1251 Aua.
340 1203 397 1268 qud
474 1205 530 1268 qua
609 1203 665 1266 qud
817 1197 919 1266 quibus
991 1196 1094 1266 quibus
1166 1197 1269 1266 quibus

257 1417 303 1466 25.
518 1411 752 1468 INDEFINITE
775 1411 994 1466 PRONOUNS.

637 1538 759 1602 aliquis,
773 1552 851 1588 some.

466 1625 542 1676 Smu.
955 1622 1038 1672 Paua.

333 1706 396 1747 uaso.
474 1707 531 1747 Fam.
603 1708 676 1752 ⁸itant.
815 1705 878 1744 Mssa.
990 1704 1046 1745 aem.
1162 1703 1225 1743 aaut.

222 1770 302 1827 Noni.
317 1773 420 1842 aliquis
465 1773 561 1842 aliqua
610 1770 741 1842 aliquid
767 1773 854 1840 aliqui
943 1769 1055 1839 aliquae
1119 1769 1213 1838 aliqua

223 1860 299 1914 Gau.
318 1860 436 1914 aliudius
463 1860 580 1914 alieuius
608 1860 727 1914 alladius
764 1859 921 1928 aliquinum
942 1858 1098 1926 aliquarum
1119 1857 1277 1925 aliquinum

221 1946 298 2000 Das.
320 1947 404 2001 alicui
463 1947 548 2001 alicui
607 1947 691 2001 alicui
764 1945 905 2015 aliquibus
942 1944 1083 2014 aliquibus
1119 1942 1261 2012 aliquibus

222 2037 294 2090 Acc.
321 2034 443 2108 aliquem
463 2035 588 2106 aliquam
607 2035 715 2105 aliquid
764 2034 873 2105 aliquas
943 2034 1050 2103 aliquas
1119 2031 1215 2102 aliqua

222 2123 297 2178 Anu.
320 2123 416 2193 aliqud
466 2122 561 2192 aliqua
610 2123 703 2193 aliqui)
767 2122 909 2192 aliquibus
943 2121 1086 2192 aliquibus
1120 2120 1262 2191 aliquibus

256 2244 396 2311 Aliquiis
406 2244 475 2298 used
484 2244 594 2298 instead
605 2244 636 2297 of
648 2248 770 2311 aliquis,
782 2243 838 2297 and
848 2248 975 2311 aliquod
986 2243 1097 2298 instead
1106 2243 1137 2297 oi
1149 2247 1274 2311 aliquid,

221 2349 251 2385 as
265 2332 402 2403 adjective
414 2332 512 2386 forms.

580 2499 714 2563 quidam,
728 2514 755 2562 a,
770 2514 787 2550 u
799 2497 907 2550 certain.

710 2620 786 2671 Sina.

443 2699 508 2744 uaso.
747 2703 804 2743 Fam.
1070 2702 1135 2743 Haut.

290 2765 394 2823 ΝΟΜ)
428 2769 543 2839 quidam
741 2770 880 2841 quaedam
1058 2770 1192 2840 quiddam

291 2855 367 2911 Gan.
426 2856 571 2910 adiusdam
741 2859 888 2913 ediusdam
1057 2858 1203 2912 eitiusdam

289 2944 367 2998 Das.
425 2943 538 2998 cuidam
741 2946 854 3000 auidam
1056 2945 1167 2999 cuidam

289 3030 361 3085 Acc.
425 3032 566 3100 quendam
740 3034 883 3102 quandam
1056 3033 1191 3102 quiddam

289 3116 365 3171 Ant.
426 3119 548 3189 quddam
739 3120 860 3189 quadam
1055 3120 1176 3189 quddam

703 3234 786 3286 Paua.

288 3314 372 3370 Non.
427 3316 542 3385 quidam
738 3317 877 3388 quaedam
1054 3317 1193 3387 quaedam

288 3402 364 3457 Gau.
423 3404 598 3472 quorundam
736 3406 912 3475 quarundam
1052 3405 1227 3475 qudrundam

288 3490 365 3543 Das.
424 3491 594 3560 quibusdam
736 3492 907 3562 quibusdam
1052 3493 1221 3563 quibusdam

290 3578 362 3632 Ace.
425 3580 561 3648 qudsdam
738 3581 873 3650 quisdam
1051 3581 1189 3650 quaedam

288 3668 363 3721 Aua.
426 3667 595 3737 quibusdam
738 3668 909 3738 quibusdam
1051 3668 1218 3740 quibusdam

252 3784 417 3846 Quoddam
430 3783 456 3836 is
468 3782 536 3837 used
548 3781 660 3837 instead
672 3781 703 3837 oi
714 3787 862 3850 quiddam
875 3801 906 3837 as
919 3800 954 3837 an
968 3782 1115 3853 adjective.
