2867 4267
150 211 215 274 232
497 226 695 273 communes
718 227 761 271 or
782 236 858 273 sum.

192 452 259 515 596.
384 467 600 516 Ancnocrcs
619 467 670 516 ur
689 455 765 516 Luc.
777 468 965 517 -cmuaaa

193 618 280 681 Haec
303 624 364 681 tam
389 625 466 682 mira
490 625 536 682 ras
566 619 714 683 maximas
742 618 849 705 populi
873 619 1018 682 clamares
1040 618 1152 682 excitat
1172 623 1203 683 et

148 722 313 807 imperator
328 723 516 786 Androclum
534 731 622 787 vocat
648 725 835 808 quaeritque,
853 723 946 786 “Cr'rr
967 722 1025 785 tibi
1042 730 1097 786 r'rni
1121 729 1202 786 atra-

149 826 287 890 cissimus
299 826 346 890 les
358 829 515 912 pepercit?
525 827 546 857 ’'
588 827 638 892 Ibi
648 828 820 891 Androclus
833 850 895 890 rem
907 827 1066 890 mirificam
1081 834 1202 893 narrat:

148 936 169 966 “
179 931 255 995 Cum
272 931 303 995 in
318 929 506 1016 pruvincia‚''
521 931 632 1017 inquit,
649 917 951 1018 “Africaprcctnsul
965 954 1048 994 meus
1063 930 1203 994 dominus

147 1033 249 1113 esset,8
263 1058 319 1121 ego
344 1035 389 1101 ibi
414 1036 528 1123 iniquis
554 1038 618 1100 eius
645 1037 820 1102 cottidianis
839 1033 1014 1100 verberibus
1037 1035 1075 1098 ad
1099 1036 1202 1119 fugam

148 1163 215 1205 sum
231 1147 353 1205 costatus
368 1147 408 1219 et,
423 1149 459 1204 ut
473 1141 549 1205 mihi
564 1151 583 1205 a
603 1141 725 1205 dominu
746 1141 874 1204 tutitres
897 1138 1028 1204 latebrae
1047 1146 1155 1217 essent,
1170 1139 1203 1203 in

147 1242 230 1307 locus
245 1244 380 1309 desertus
395 1251 426 1308 et
440 1252 571 1309 remutfrs
587 1253 721 1308 concessi
741 1267 787 1323 ac,
802 1251 829 1308 si
844 1241 1008 1309 dafuisset⁴
1023 1241 1119 1321 cibus,
1135 1251 1204 1307 ctu·

148 1347 250 1412 silium
272 1348 332 1412 fuit
353 1355 483 1413 mortem
497 1349 599 1435 alique
624 1358 711 1436 pactu
728 1372 877 1434 quaerere.
924 1348 1002 1411 Tum
1018 1347 1067 1411 die
1090 1346 1202 1425 medic,

147 1452 179 1516 in
195 1475 317 1538 specum
333 1460 482 1517 ramatum
500 1452 746 1538 latebrtsumque
764 1462 813 1517 mc
831 1451 969 1516 reconde.
1015 1451 1088 1515 Nun
1104 1450 1200 1514 multa

147 1563 218 1643 post
237 1556 277 1621 ad
297 1558 423 1622 eundern
446 1581 569 1644 specum
590 1557 672 1622 venit
690 1559 740 1621 hic
762 1558 819 1635 lec,
835 1556 929 1620 debili
948 1565 1010 1619 uus>
1027 1562 1058 1619 et
1076 1562 1201 1619 cruente

147 1660 380 1747 pedc‚gemit1'rs
407 1663 498 1727 edens
524 1670 555 1727 et
579 1647 736 1726 murmura
757 1660 796 1725 ob
821 1662 954 1725 dolerem
976 1661 1203 1745 cruciatumque

147 1765 288 1830 volneris.
330 1766 433 1831 Prima
451 1768 572 1853 quidem
588 1775 752 1852 cuuspectsr
767 1765 952 1829 advenientis
968 1763 1064 1829 lenuis
1078 1764 1202 1827 territus

148 1891 214 1933 sum
224 1896 234 1948 3
258 1868 310 1933 sed
328 1878 490 1957 postquam
507 1871 555 1935 les)
570 1870 653 1935 videt
671 1878 720 1933 me
743 1869 849 1956 procul
870 1868 1105 1946 delitescentem,
1121 1868 1203 1931 mitis

147 1980 178 2037 et
205 1983 380 2039 mansuetus
411 1976 536 2039 accessit
565 1981 595 2039 et
625 1969 805 2037 sublatum⁵
830 1973 937 2059 pedem
966 1971 1042 2036 mihi
1072 1971 1204 2058 porrexit

151 2079 237 2163 quasi
257 2080 324 2165 opis
344 2080 488 2166 petendae
508 2080 616 2163 gratia.
662 2078 714 2143 Ibi
734 2101 790 2161 ego
814 2087 930 2163 spinam
954 2076 1118 2161 ingentem,
1133 2075 1203 2162 pedi

148 2183 213 2245 eius
229 2183 440 2260 inhaerentem,
456 2183 559 2246 revelli
575 2192 605 2246 et
625 2183 688 2246 sine
707 2192 818 2266 magna
838 2182 895 2245 iam
918 2180 1079 2245 formidine
1095 2180 1204 2242 siccavi

148 2287 268 2372 penitus
284 2295 373 2371 atque
388 2286 499 2350 detersi
514 2296 662 2352 eruerem.
708 2286 766 2350 Ille
789 2292 864 2364 turn,
889 2295 954 2348 mea
973 2293 1063 2369 opera
1076 2283 1203 2361 levatus,

148 2390 223 2475 pede
237 2390 269 2453 in
284 2388 423 2453 manibus
438 2400 513 2454 meis
528 2389 654 2477 positu,6
670 2390 808 2453 recubuit
823 2396 853 2453 et
868 2387 1015 2474 quievit?

515 2528 678 2600 (Concluded
690 2527 722 2581 in
736 2529 750 2595 ξ
765 2528 839 2594 617.)

214 2704 225 2740 ¹
242 2706 380 2767 Translate,
394 2723 460 2756 rear.
824 2703 835 2738 ⁴
851 2705 942 2753 should
946 2705 1009 2768 fail.

168 2808 171 2809 ⁷
214 2786 290 2838 ²See
302 2795 419 2839 sentence
432 2794 445 2840 9
459 2791 487 2839 in
499 2790 514 2853 ᾗ
527 2791 584 2840 593.
825 2784 943 2846 ⁵raa'sed,
957 2785 1031 2849 liflcd
1040 2800 1084 2847 up.

215 2867 226 2901 ⁸
242 2884 312 2922 oum
330 2908 337 2922 .
356 2909 364 2922 .
384 2908 390 2922 .
409 2876 506 2933 esset,
520 2873 592 2921 auten
609 2909 615 2921 .
635 2908 642 2922 .
662 2909 668 2921 .
687 2887 748 2918 was.

412 2952 423 2986 θ
440 2954 534 3016 hautay
540 2954 630 3016 placed
640 2954 680 3001 tic
688 2968 749 3016 ραν)
760 2955 790 3000 ia
800 2968 843 3014 my
854 2951 941 3000 tarrutc.
