2867 4267
624 328 916 380 raraaaoolmvas.
1233 318 1295 385 147

286 504 352 570 419.
397 507 425 569 1.
457 503 535 586 Quis
555 506 657 569 filiam
677 506 866 591 Orgetorigis
884 509 917 571 in
939 504 1164 572 matrimonium
1183 509 1296 574 drixit?

396 614 425 675 2.
455 610 511 673 Cui
525 610 688 695 Orgetorix
700 612 801 675 filiam
813 635 898 676 suam
909 614 940 676 in
952 614 1178 677 matrimonium
1189 614 1295 678 dedit?

393 717 424 779 3.
455 714 541 793 Quae
563 716 702 779 civitates
726 717 842 780 Galliae
865 725 952 781 novis
977 717 1064 783 rebus
1088 718 1274 782 studebant?

393 821 424 883 4.
456 816 533 899 Quis
555 820 613 883 hdo
636 843 712 905 opus
737 822 895 906 perficiet?

393 925 423 987 5.
454 922 553 1004 Quem
575 921 704 1009 Delphis
728 926 857 990 vidisti?

393 1030 423 1093 6.
455 1027 532 1109 Quis
554 1036 600 1093 est
623 1029 697 1093 hta?
743 1029 805 1111 Qui
828 1039 901 1094 sunt
923 1032 994 1096 illi?

393 1135 422 1198 7.
454 1132 554 1213 Quam
577 1132 617 1198 ob
641 1157 704 1198 rem
726 1135 833 1199 Caesar
858 1136 888 1200 id
913 1136 1059 1222 oppidum
1084 1133 1240 1203 mrinivit?

392 1238 421 1301 8.
454 1237 556 1319 Quare
579 1238 642 1303 dux
664 1239 777 1303 milites
799 1240 966 1326 culpabat?

392 1345 422 1406 9.
452 1342 491 1407 In
514 1343 626 1428 quibus
648 1343 758 1408 Caesar
780 1369 864 1431 spem
887 1346 1013 1432 posuit?

370 1446 421 1509 10.
452 1445 537 1526 Quae
560 1446 671 1532 oppida
693 1447 803 1512 Caesar
824 1448 1039 1533 expignavit?

280 1608 347 1673 42⁰.
391 1608 419 1671 1.
450 1606 533 1698 Who
554 1606 604 1672 led
626 1607 760 1673 Caesar's
784 1612 879 1673 forces
900 1610 966 1674 into
990 1610 1097 1674 Gaul?

391 1715 421 1777 2.
452 1710 548 1776 What
569 1701 665 1778 battle
687 1713 745 1777 had
770 1714 880 1777 Caesar
902 1715 993 1778 heard
1016 1714 1070 1777 of?

391 1818 422 1881 3.
452 1815 567 1880 Whom
596 1817 655 1882 had
683 1818 734 1881 the
756 1817 942 1897 ,Helvetians
972 1825 1038 1881 sent
1067 1826 1099 1881 to
1129 1818 1225 1883 Rome
1257 1842 1293 1885 as

498 1899 580 1984 chief
600 1921 634 1985 of
655 1922 706 1986 the
730 1921 891 2006 embassy?
924 1971 926 1974 .

390 2027 421 2090 4.
453 2022 548 2088 What
570 2024 686 2110 legions
710 2025 762 2089 did
785 2025 894 2089 Caesar
916 2026 988 2089 send
1012 2027 1076 2090 into
1100 2026 1205 2092 Gaul?

391 2131 421 2195 5.
452 2128 564 2193 Where
587 2153 646 2193 was
669 2131 721 2193 the
744 2130 837 2214 depth
860 2130 894 2193 of
915 2130 966 2193 the
989 2131 1068 2193 river
1090 2129 1188 2194 least?

390 2236 420 2299 6.
451 2233 547 2298 What
570 2233 695 2299 soldiers
711 2234 774 2297 will
797 2234 895 2319 guard
915 2234 967 2297 the
988 2258 1075 2319 camp
1091 2234 1295 2300 to-rrrorrow?

391 2340 421 2405 7.
451 2339 495 2402 To
522 2339 622 2403 whom
647 2340 700 2404 did
729 2324 839 2403 Caesar
864 2340 934 2424 give
960 2363 977 2402 a
1003 2359 1129 2424 passage
1156 2338 1290 2425 through

465 2513 467 2518 .
497 2445 549 2509 the
572 2444 738 2531 province?

391 2550 420 2614 8.
451 2547 564 2612 Whom
587 2549 639 2612 did
663 2549 772 2612 Caesar
793 2548 917 2634 marry?

347 2637 350 2645 ’
390 2655 419 2719 9.
451 2653 581 2821 Agfainst
618 2654 645 2735 (i
634 2657 680 2735 ra)
714 2653 814 2717 whom
844 2653 897 2717 did
934 2650 1039 2716 Cicero
1077 2652 1238 2718 deliverf
1223 2654 1290 2718 four

431 2802 434 2806 -
496 2758 614 2824 famous
638 2759 795 2821 orations?
1114 2801 1314 2840 mm
1337 2751 1363 2829 „i

369 2864 420 2927 10.
451 2861 534 2926 Who
557 2862 694 2926 defeated
717 2863 768 2926 the
792 2861 951 2932 Gaulsits
966 2867 1131 2946 manyat
1100 2812 1214 2925 attles?

274 3020 343 3082 421·
649 3053 884 3103 vooaauiaar.

274 3185 307 3234 in
321 3182 552 3235 matrimonium
566 3185 649 3244 dare,
665 3177 732 3254 piae
748 3180 782 3234 ia
796 3175 959 3253 momiape.

273 3281 307 3332 in
322 3282 552 3332 matrimonium
567 3283 690 3343 dicere,
706 3294 822 3349 merop.

275 3393 387 3440 novus,
402 3393 494 3440 nova,
509 3360 635 3441 novum,
650 3374 716 3447 adj„
731 3392 804 3430 aero.

274 3478 425 3542 per-ficio,
441 3477 598 3539 perficere,
614 3478 741 3541 perfeci,
756 3477 941 3540 perfectum,
949 3468 1062 3546 finiat,
1077 3467 1268 3545 aeaomplish.

275 3577 338 3637 qui,
354 3588 444 3637 quae,
460 3576 554 3637 quod,
569 3571 696 3641 interrog.
710 3570 774 3641 adj„
790 3566 900 3640 which,
915 3568 1008 3627 what.

275 3673 355 3734 quie,
370 3684 460 3735 quae,
476 3666 706 3738 quid‚‘interrog.
720 3685 807 3738 prom,
822 3665 917 3723 who?
937 3663 1065 3723 whiah?
1085 3662 1196 3723 what?

274 3769 397 3830 studeo,
412 3770 550 3831 studere,
565 3771 682 3831 studui,
698 3796 787 3831 —,
803 3762 910 3836 desire,
926 3762 959 3820 be
973 3762 1133 3839 eaperfor.

275 3868 397 3930 supero,
412 3871 567 3930 superare,
583 3871 739 3931 superavi,
755 3871 946 3931 superatum,
962 3860 1073 3936 defeat,
1088 3877 1225 3935 conquam
