2867 4267
532 294 755 342 conmmanit
778 296 969 345 saunuucus.
1214 281 1276 349 263

266 528 334 593 645.
520 541 765 592 Pnznosopnus
785 542 835 591 nu
856 528 978 592 iudea

265 695 342 759 Erat
368 694 497 759 Athanis
526 695 658 780 spatiasa
686 701 717 758 et
746 705 841 781 capax
867 695 987 773 domus,
1015 695 1067 759 sed
1096 696 1217 760 infamis
1246 705 1277 761 et

223 799 376 885 pastilans.
421 780 481 863 Per
489 786 650 864 *silentium
669 800 766 863 noctis
787 823 878 863 sonus
899 800 1027 877 feruet,
1045 809 1070 863 si
1089 798 1277 865 attenderasl

223 905 333 982 aerina,
344 904 487 990 strepitus
497 903 697 984 vincularum,
707 904 829 988 longius
844 913 954 990 prima,
966 905 1101 971 deindea
1118 905 1277 991 proxima²

223 1006 430 1072 reddebatur.3
474 1008 550 1072 Mox
572 1007 735 1095 apparabat
757 1009 869 1093 image,
887 1033 976 1074 senex
996 1012 1091 1076 macie
1112 1012 1275 1089 canfectus,

224 1121 372 1197 pramissa
387 1111 491 1205 baiba,
504 1113 637 1176 horrenti
649 1113 778 1197 eapillt'i3
802 1114 941 1179 maribus
956 1116 1125 1201 compedaS,
1138 1116 1276 1181 manibus

223 1225 342 1280 catanae
373 1216 497 1302 gerebat
527 1216 750 1305 quatiabatque.
805 1218 881 1282 Inde
910 1219 1150 1303 inhabitantibus
1174 1228 1276 1285 tristas

222 1320 365 1406 diraeque
378 1328 483 1384 noetas
503 1344 556 1408 per
575 1329 690 1384 metum
707 1322 932 1406 vigilabantur:
955 1323 1092 1408 vigiliam
1108 1324 1231 1389 morbus
1246 1333 1277 1389 et

222 1448 303 1488 mors
330 1422 538 1513 sequabatur.4
581 1425 664 1489 Nam
689 1425 823 1491 interdiu
845 1451 975 1514 quoque,
1000 1451 1183 1514 quamquam
1208 1430 1275 1495 abs·

223 1538 351 1594 cesserat
366 1531 478 1614 imagi),
495 1530 639 1593 memoria
655 1531 796 1615 imaginis
818 1532 968 1610 manabat,
984 1533 1161 1618 longiorque
1177 1544 1276 1599 causis

222 1634 340 1698 timaris
366 1635 458 1698 timor
481 1642 553 1699 erat.
601 1634 728 1699 Daserta
755 1645 800 1700 est
823 1637 893 1701 inde
919 1637 1026 1701 domus
1047 1647 1276 1724 manstrumque

222 1746 286 1802 erat
315 1738 465 1803 dominus.
528 1738 628 1803 Nama
658 1739 783 1805 domum
813 1748 867 1806 aut
899 1765 995 1806 emere
1026 1751 1079 1806 aut
1111 1744 1276 1808 conducere

222 1843 352 1909 volabat.

265 1948 399 2012 Tandem
414 1948 498 2013 venit
517 1950 653 2014 Athanas
675 1950 873 2047 philosophus
898 1951 1112 2015 Athanodarus
1136 1951 1275 2016 domum-

223 2075 280 2140 que
310 2053 465 2117 conduxit.
523 2054 653 2141 Vespere
682 2056 780 2141 pascit
810 2056 980 2141 pugillaria,
1011 2056 1126 2134 stilum,
1153 2057 1274 2135 himen3

222 2166 293 2221 suas
321 2166 419 2222 omnis
445 2168 546 2223 servas
573 2159 702 2224 dimittit
712 2187 723 2240 3
754 2163 817 2247 ipse
843 2162 881 2225 ad
911 2161 1103 2225 scribendum
1131 2163 1276 2242 animum,

222 2260 335 2338 oculas,
363 2283 484 2327 manum
508 2264 647 2329 intendit.
705 2264 874 2343 “Vacua'’
898 2265 1009 2350 inquit,
1035 2271 1055 2300 “
1067 2273 1151 2329 mans
1177 2266 1275 2330 inanis

223 2366 283 2432 sibi
305 2374 404 2431 metus
427 2368 547 2452 fingit.”

266 2471 361 2544 Initia
392 2472 545 2536 silentium
576 2475 684 2552 noctis,
711 2474 820 2538 deinde
850 2498 942 2539 sonus
971 2476 1042 2539 feni
1074 2481 1104 2538 et
1133 2475 1276 2560 strepitus

222 2578 421 2642 vinculatum.
469 2578 545 2642 Tum
562 2579 665 2663 fragor
679 2579 821 2661 adventat
837 2586 867 2643 et
888 2580 947 2643 iam
967 2577 1024 2643 ut⁵
1039 2580 1071 2643 iu
1086 2580 1200 2657 limine,
1215 2581 1276 2644 iam

221 2690 257 2747 ut
271 2684 352 2748 intra
368 2683 460 2747 limen
477 2683 609 2748 auditur.
655 2673 859 2769 Philosophus
875 2685 1005 2769 respicit,
1019 2684 1101 2747 videt
1116 2684 1277 2769 imaginem

222 2811 298 2874 quae
322 2794 383 2851 stat
407 2787 568 2873 innuitque
594 2788 702 2873 digitu.
750 2788 820 2852 Sine
843 2799 928 2852 mora
954 2789 1035 2852 tollit
1058 2789 1161 2851 himen
1181 2797 1211 2852 et
1233 2812 1276 2853 se-

222 2890 352 2978 quitur.⁶
395 2894 434 2958 In
447 2903 516 2957 area
539 2893 647 2957 domas
671 2895 773 2977 imagi)
791 2901 913 2978 repente
934 2893 1045 2956 deserit
1067 2893 1206 2956 comitem
1217 2920 1226 2970 3
1250 2893 1276 2957 is

221 2995 331 3061 herbas
346 3003 377 3061 et
394 2997 467 3061 folia
490 3005 611 3082 signum
629 2998 696 3061 loca
718 2997 814 3084 panii.
861 2996 986 3060 Postera
1009 2996 1059 3060 dia
1081 2997 1276 3080 magistratus

221 3100 309 3164 illum
324 3100 426 3165 loeum
441 3101 588 3165 effodiunt
603 3125 740 3187 ossaque,
756 3109 871 3165 eatenis
886 3101 997 3179 vineta,
1013 3100 1179 3166 inveniunt.

286 3252 520 3318 ltfyouzmmd.
611 3253 851 3306 wemmaadule.
1036 3254 1132 3320 ⁵asis.

287 3334 423 3400 himba.
610 3336 622 3370 ⁴
632 3338 752 3401 followed
763 3338 924 3402 (transitive).
1036 3337 1048 3371 ⁶
1059 3339 1167 3404 follows.
